%%%%%%
%Books
%%%%%%
@inbook{Dyall07_book295,
    crossref = "Dyall07_book",
	booktitle = "Introduction to Relativistic Quantum Chemistry",
	chapter = "16",
	pages = "295--322"
}
@inbook{Dyall07_book327,
    crossref = "Dyall07_book",
	booktitle = "Introduction to Relativistic Quantum Chemistry",
	chapter = "17",
	pages = "327--331"
}
@book{Dyall07_book,
	author = "Kenneth G. Dyall and Knut {F{\ae}gri, Jr.}",
	title = "Introduction to Relativistic Quantum Chemistry",
	publisher = "Oxford University Press",
	address = "Oxford, U.K.",
	year = "2007"
}
@inbook{Reiher15_book469,
    crossref = "Reiher15_book",
	booktitle = "Relativistic Quantum Chemistry",
	chapter = "12",
	pages = "469--502"
}
@book{Reiher15_book,
	author = "Markus Reiher and Alexander Wolf",
	title = "Relativistic Quantum Chemistry",
	publisher = "Wiley-VCH",
	edition = "Second",
	year = "2015"
}
@incollection{Neese04_book541,
    author = "Frank Neese",
    editor = "Martin Kaupp and Michael B{\"{u}}hl and Vladimir G. Malkin",
	booktitle = "Calculation of {NMR} and {EPR} Parameters: Theory and Applications",
	title = "{Z}ero-{F}ield {S}plitting",
	chapter = "31",
	publisher = "Wiley-{VCH} {V}erlag {GmbH} {\&} Co.{} {KGaA}",
	year = "2004",
	pages = "541--564"
}

%%%%%%%%%%%%%
%GHF ARTICLES
%%%%%%%%%%%%%
@article{Mayer92_79,
	author ="{Per-Olov} L{\"{o}}dwin and Istv{\'{a}}n Mayer",
	title = "Some Studies of the General Hartree-Fock Method",
	journal = AQC,
	volume = "24",
	year = "1992",
	pages = "79--114"
}
@article{Gross13_156401,
	author ="Florian G. Eich and Eberhard K. U. Gross",
	title = "Transverse Spin-Gradient Functional for Noncollinear Spin-Density-Functional Theory",
	journal = PRL,
	volume = "111",
	year = "2013",
	pages = "156401"
}
@article{Gross07_196405,
	author ="S. Sharma and J. K. Dewhurst and C. Ambrosch-Draxl and S. Kurth, N. Helbig and S. Pittalis and S. Shallcross and L. Nordstr{\"{o}}m and E. K. U. Gross",
	title = "First-Principles Approach to Noncollinear Magnetism: Towards Spin Dynamics",
	journal = PRB,
	volume = "98",
	year = "2007",
	pages = "196405"
}
@article{Pople77_3045,
	author ="Rolf Seeger and John A. Pople",
	title = "Self-consistent molecular orbital methods. {XVIII}. Constraints and stability in {H}artree-{F}ock theory",
	journal = JCP,
	volume = "66",
	year = "1977",
	pages = "3045--3050"
}
@article{Frisch07_125119,
	author ="Juan E. Peralta and Gustavo E. Scuseria and and Michael J. Frisch",
	title = "Noncollinear magnetism in density functional calculations",
	journal = PRB,
	volume = "75",
	year = "2007",
	pages = "125119"
}
@article{Frisch12_2193,
	author ="Giovanni Scalmani and Michael J. Frisch",
	title = "A New Approach to Noncollinear Spin Density Functional Theory beyond the Local Density Approximation",
	journal = JCTC,
	volume = "8",
	year = "2012",
	pages = "2193--2196"
}
@article{Dzyaloshinsky58_241,
	author ="Igor Dzyaloshinsky",
	title = "A Thermodynamic Theory of {``}Weak{"} Ferromagnetism of Antiferromagnetics",
	journal = "J. Phys. Chem. Solids",
	volume = "4",
	year = "1958",
	pages = "241--255"
}
@article{Moriya60_91,
	author ="T{^{o}}ru Moriya",
	title = "Anisotropic Superexchange Interaction and Weak Ferromagnetism",
	journal = PR,
	volume = "120",
	year = "1960",
	pages = "91--98"
}

%%%%%%%%%%%%%%%%%%%%%%%%%%%%%%
%DKH AND RELATIVISTIC ARTICLES
%%%%%%%%%%%%%%%%%%%%%%%%%%%%%%
@article{Sadlej02_2696,
	author = "Maria Barysz and Andrzej J. Sadlej",
	title = "Infinite-Order Two-Component Theory for Relativistic Quantum Chemistry",
	journal = JPCA,
	volume = "116",
	year = "2002",
	pages = "2696--2704"
}
@article{Wouthuysen50_29,
	author = "Leslie L. Foldy and Siegfried A. Wouthuysen",
	title = "On the {D}irac Theory of Spin {1/2} Particles and Its Non-Relativistic Limit",
	journal = PR,
	volume = "78",
	year = "1950",
	pages = "29--36"
}
@article{Kroll74_89,
	author = "Marvin Douglas and Norman M. Kroll",
	title = "Quantum Electrodynamical Corrections to the Fine Structure of Helium",
	journal = AP,
	volume = "82",
	year = "1974",
	pages = "89--155"
}
@article{Hess86_3742,
	author = "Bernd A. Hess",
	title = "Relativistic Electronic-Structure Calculations Employing a Two-Component No-Pair Formalism with External-Field Projection Operators",
	journal = PRA,
	volume = "33",
	year = "1986",
	pages = "3742--3748"
}
@article{Hess85_756,
	author = "Bernd A. Hess",
	title = "Applicability of the No-Pair Equation with Free-Particle Projection Operators to Atomic and Molecular Structure Calculations",
	journal = PRA,
	volume = "32",
	year = "1985",
	pages = "756--763"
}
@article{Jansen92_1227,
	author = "Reinhard Samzow and Bernd A. Hess and Georg Jansen",
	title = "The Two-Electron Terms of the Nopair Hamiltonian",
	journal = JCP,
	volume = "96",
	year = "1992",
	pages = "1227--1231"
}
@article{Wolf04_2037,
	author = "Markus Reiher and Alexander Wolf",
	title = "Exact Decoupling of the {D}irac Hamiltonian. {I}. General Theory",
	journal = JCP,
	volume = "121",
	year = "2004",
	pages = "2037"
}
@article{Wolf04_10945,
	author = "Markus Reiher and Alexander Wolf",
	title = "Exact Decoupling of the {D}irac Hamiltonian. {II}. The Generalized {D}ouglas-{K}roll-{H}ess Transformation Up to Arbitrary Order",
	journal = JCP,
	volume = "121",
	year = "2004",
	pages = "10945"
}
@article{Reiher04_064102,
	author = "Alexander Wolf and Markus Reiher",
	title = "Exact Decoupling of the {D}irac Hamiltonian. {III}. Molecular Properties",
	journal = JCP,
	volume = "121",
	year = "2004",
	pages = "064102"
}
@article{Reiher06_064103,
	author = "Alexander Wolf and Markus Reiher",
	title = "Exact Decoupling of The {D}irac Hamiltonian. {IV}. Automated Evaluation of Molecular Properties Within the {D}ouglas-{K}roll-{H}ess Theory Up to Arbitrary Order ",
	journal = JCP,
	volume = "124",
	year = "2004",
	pages = "064103"
}
@article{Reiher12_139,
	author = "Markus Reiher",
	title = "Relativistic {D}ouglas-{K}roll-{H}ess Theory",
	journal = WCMS,
	volume = "2",
	year = "2012",
	pages = "139--149"
}
@article{Hirao12_385,
	author = "Takahito Nakajima and Kimihiko Hirao",
	title = "The {D}ouglas-{K}roll-{H}ess Approach",
	journal = CR,
	volume = "112",
	year = "2012",
	pages = "385--402"
}
@article{Scuseria04_5875,
	author = "Juan E. Peralta and Gustavo E. Scuseria",
	title = "Relativistic All-Electron Two-Component Self-Consistent Density Functional Calculations Including One-Electron Scalar and Spin-Orbit Effects",
	journal = JCP,
	volume = "120",
	year = "2004",
	pages = "5875"
}
@article{Boettger00_7809,
	author = "J. C. Boettger",
	title = "Approximate Two-Electron Spin-Orbit Coupling Term For Density-Functional-Theory {DFT} Calculations Using The {D}ouglas-{K}roll-{H}ess Transformation",
	journal = PRB,
	volume = "62",
	year = "2000",
	pages = "7809--7815"
}
@article{Rosch01_4411,
	author = "Markus Mayer and Sven Kr{\"{u}}ger and Noter R{\"{o}}sch",
	title = "A Two-Component Variant of the {D}ouglas-{K}roll Relativistic Linear Combination of {G}aussian-Type Orbitals Density-Functional Method: {S}pin-Orbit Effects in Atoms and Diatomics",
	journal = JCP,
	volume = "115",
	year = "2001",
	pages = "4411--4423"
}
@article{Malmqvist04_2919,
	author = "Bj{\"{o}}rn Roos and Per-{\r{A}}ke Malmqvist",
	title = "Relativistic Quantum Chemistry: The Multiconfigurational Approach",
	journal = PCCP,
	volume = "6",
	year = "2004",
	pages = "2919--2927"
}
@article{Pyykko88_563,
	author = "Pekka Pyykk{\"{o}}",
	title = "Relativistic Effects in Structural Chemistry",
	journal = CR,
	volume = "88",
	year = "1988",
	pages = "563--294"
}
@article{Pyykko12_45,
	author = "Pekka Pyykk{\"{o}}",
	title = "Relativistic Effects in Chemistry: More Common Than You Thought",
	journal = ARPC,
	volume = "63",
	year = "2012",
	pages = "45--64"
}
@article{Kaupp06_054110,
	author = "Roman Reviakine and Alexei V. Arbuznikov and Jean-Christophe Tremblay and Christian Remenyi and Olga L. Malkina and Vladimir G. Malkin and Martin Kaupp",
	title = "Calculation of Zero-Field Splitting Parameters: Comparison of a Two-Component Noncolinear Spin-Density-Functional Method and a One-Component Perturbational Approach",
	journal = JCP,
	volume = "125",
	year = "2006",
	pages = "054110"
}
@article{Hada07_740,
	author = "Terutaka Yoshizawa and Masahiko Hada",
	title = "Calculations of Frequency-Dependent Molecular Magnetizabilities with Quasi-Relativistic Time-Dependent Generalized Unrestricted Hartree-Fock Method",
	journal = JCC,
	volume = "28",
	year = "2007",
	pages = "740--747"
}



%%%%%%%%%%%%%%%%%%%%%%%%%%%%
%Other two-component methods
%%%%%%%%%%%%%%%%%%%%%%%%%%%%
@article{Autschbach12_150902,
	author = "Jochen Autschbach",
	title = "Perspective: Relativistic Effects",
	journal = JCP,
	volume = "136",
	year = "2012",
	pages = "150902"
}
@article{Saue11_3077,
	author = "Trond Saue",
	title = "Relativistic Hamiltonians for Chemistry: A Primer",
	journal = CHPHCH,
	volume = "12",
	year = "2011",
	pages = "3077--3094"
}
@article{Liu10_1679,
	author = "Wenjian Liu",
	title = "Ideas of Relativistic Quantum Chemistry",
	journal = MP,
	volume = "108",
	year = "2010",
	pages = "1679--1706"
}
@article{Cremer13_014106,
	author = "Michael Filatov and Wenli Zou and Dieter Cremer",
	title = "Spin-Orbit Coupling Calculations with the Two-Component Normalized Elimination of the Small Component Method",
	journal = JCP,
	volume = "139",
	year = "2013",
	pages = "014106"
}
@article{Gropen96_365,
	author = "Bernd A. He{\ss} and Christel M. Marian and Ulf Wahlgren and Odd Gropen",
	title = "A Mean-Field Spin-Orbit Method Applicable to Correlated Wavefunctions",
	journal = JCP,
	volume = "251",
	year = "1996",
	pages = "365--371"
}
@article{Liu16_204,
	author = "Wenjian Liu",
	title = "The Big Picture of Relativistic Molecular Quantum Mechanics",
	journal = "Natl. Sci. Rev.",
	volume = "3",
	year = "2016",
	pages = "204--221"
}
@article{Liu14_59,
	author = "Wenjian Liu",
	title = "Advances in Relativistic Molecular Quantum Mechanics",
	journal = PRp,
	volume = "537",
	year = "2014",
	pages = "59--89"
}
@article{Liu12_154114,
	author = "Zhendong Li and Yunlong Xiao and Wenjian Liu",
	title = "On the Spin Separation of Algebraic Two-Component Relativistic Hamiltonians",
	journal = JCP,
	volume = "137",
	year = "2012",
	pages = "154114"
}
%NESC
@article{Dyall97_9618,
	author = "Kenneth G. Dyall",
	title = "Interfacing relativistic and nonrelativistic methods. {I.} Normalized elimination of the small component in the modified {D}irac equation",
	journal = JCP,
	volume = "106",
	year = "1997",
	pages = "9618--9626"
}
@article{Dyall98_4201,
	author = "Kenneth G. Dyall",
	title = "Interfacing Relativistic and Nonrelativistic Methods. {II.} Investigation of a Low-Order Approximation",
	journal = JCP,
	volume = "109",
	year = "1998",
	pages = "4201--4208"
}
@article{Enevoldsen99_10000,
	author = "Kenneth G. Dyall and Thomas Enevoldsen",
	title = "Interfacing Relativistic and Nonrelativistic Methods. {III.} Atomic 4-Spinor Expansions and Integral Approximations ",
	journal = JCP,
	volume = "111",
	year = "1999",
	pages = "10000--10007"
}
@article{Dyall01_9136,
	author = "Kenneth G. Dyall",
	title = "Interfacing Relativistic and Nonrelativistic Methods. {II.} {O}ne- and Two-Electron Scalar Approximations ",
	journal = JCP,
	volume = "115",
	year = "2001",
	pages = "9136--9143"
}
@article{Cremer02_259,
	author = "Michael Filatov and Dieter Cremer",
	title = "A New Quasi-Relativistic Approach for Density Functional Theory Based on the Normalized Elimination of the Small Component",
	journal = CPL,
	volume = "351",
	year = "2002",
	pages = "259--266"
}
%X2C
@article{Peng06_044102,
	author = "Wenjian Liu and Daoling Peng",
	title = "Infinite-Order Quasirelativistic Density Functional Method Based on the Exact Matrix Quasirelativistic Theory",
	journal = JCP,
	volume = "125",
	year = "2006",
	pages = "044102"
}
@article{Saue07_064102,
	author = "Mirosla{\^{v}} Ilias and Trond Saue",
	title = "An Infinite-Order Relativistic Hamiltonian by a Simple One-Step Transformation",
	journal = JCP,
	volume = "126",
	year = "2007",
	pages = "064102"
}
@article{Peng09_031104,
	author = "Wenjian Liu and Daoling Peng",
	title = "Exact Two-Component Hamiltonians Revisited",
	journal = JCP,
	volume = "131",
	year = "2009",
	pages = "031104"
}
@article{Liu05_241102,
	author = "Werner Kutzelnigg and Wenjian Liu",
	title = "Quasirelativistic Theory Equivalent to Fully Relativistic Theory",
	journal = JCP,
	volume = "123",
	year = "2005",
	pages = "241102"
}
@article{Cheng07_104106,
	author = "Daoling Peng and Wenjian Liu and Yunlong Xiao and Lan Cheng",
	title = "Making Four- and Two-Component Relativistic Density Functional Methods Fully Equivalent Based on the Idea of From Atoms to Molecule",
	journal = JCP,
	volume = "127",
	year = "2007",
	pages = "104106"
}
@article{Liu05_054102,
	author = "Jun Gao and Wenli Zou and Wenjian Liu and Yunlong Xiao and Daoling Peng and Bo Song and Chengbu Liu",
	title = "Time-Dependent Four-Component Relativistic Density-Functional Theory for Excitation Energies. II. The Exchange-Correlation Kernel",
	journal = JCP,
	volume = "123",
	year = "2005",
	pages = "054102"
}
@article{Reiher13_184105,
	author = "Daoling Peng and Nils Middendorf and Florian Weigend and Markus Reiher",
	title = "An Efficient Implementation of Two-Component Relativistic Exact-Decoupling Methods for Large Molecules",
	journal = JCP,
	volume = "138",
	year = "2013",
	url = "http://dx.doi.org/10.1063/1.4803693",
	pages = "184105"
}
%ZORA
@article{Ziegler04_12191,
	author = "Fan Wang and Tom Ziegler",
	title = "Time-Dependent Density Functional Theory Based on a Noncollinear Formulation of the Exchange-Correlation Potential",
	journal = JCP,
	volume = "121",
	year = "2004",
	pages = "12191--12196"
}
@article{Baerends05_204103,
	author = "Fan Wang and Tom Ziegler and Erik {van~Lenthe} and Stan {van~Gisbergen} and Evert J. Baerends",
	title = "The Calculation of Excitation Energies Based on the Relativistic Two-Component Zeroth-Order Regular Approximation and Time-Dependent Density-Functional with Full Use of Symmetry",
	journal = JCP,
	volume = "122",
	year = "2005",
	pages = "204103"
}
@article{Ziegler07_5270,
	author = "Maurizio Casarin and Paola Finetti and Andrea Vittadini and Fan Wang and Tom Ziegler",
	title = "Spin-Orbit Relativistic Time-Dependent Density Functional Calculations of the Metal and Ligand Pre-Edge XAS Intensities of Organotitanium Complexes: TiCl{$_4$}, Ti({$\eta^5$}-C{$_5$}H{$_5$})Cl{$_3$}, and Ti({$\eta^5$}-C{$_5$}H{$_5$}){$_2$}Cl{$_2$}",
	journal = JPCA,
	volume = "111",
	year = "2007",
	pages = "5270--5279"
}
@article{Snijders93_4597,
	author = "E. van Lenthe and E. J. Baerends and J. G. Snijders",
	title = "Relativistic Regular Two-Component {H}amiltonians",
	journal = JCP,
	volume = "99",
	year = "1993",
	pages = "4597--4610"
}
@article{vanBesien05_204309,
	author = "Kristine Pierloot and Els van Besien",
	title = "Electronic Spectrum and Spectrum of {UO}{$_{2}^{2+}$} and [{UO}{$_2$}Cl{$_2$}]{$^{2-}$}",
	journal = JCP,
	volume = "123",
	year = "2005",
	pages = "204309"
}
@article{Baerends07_194311,
	author = "Kristine Pierloot and Els van Besien and Erik van Lenthe and Evert Jan Baerends",
	title = "Electronic Spectrum of {UO}{$_{2}^{2+}$} and [{UO}{$_2$}Cl{$_2$}]{$^{2-}$} Calculated with Time-Dependent Density Functional Theory",
	journal = JCP,
	volume = "126",
	year = "2007",
	pages = "194311"
}
@article{Snijders94_9783,
	author = "E. van Lenthe and E. J. Baerends and J. G. Snijders",
	title = "Relativistic Total Energy Using Regular Approximations",
	journal = JCP,
	volume = "101",
	year = "1994",
	pages = "9783--9792"
}
@article{Baerends05_204103,
	author = "Fan Wang, Tom Ziegler and Erik van Lenthe and Stan van Gisbergen and Evert Jan Baerends",
	title = "The calculation of excitation energies based on the relativistic two-component zeroth-order regular approximation and time-dependent density-functional with full use of symmetry",
	journal = JCP,
	volume = "122",
	year = "2005",
	pages = "204103"
}
@article{Liu05_144101,
	author = "Daoling Peng and Wenli Zou and Wenjian Liu",
	title = "Time-Dependent Quasirelativistic Density-Functional Theory Based on the Zeroth-Order Regular Approximation",
	journal = JCP,
	volume = "123",
	year = "2005",
	pages = "144101"
}
@article{Autschbach09_194102,
	author = "Ajitha Devarajan and Alexander Gaenko and Jochen Autschbach",
	title = "Two-Component Relativistic Density Functional Method for Computing Nonsingular Complex Linear Response of Molecules Based on the Zeroth Order Regular Approximation",
	journal = JCP,
	volume = "130",
	year = "2009",
	pages = "194102"
}
@article{vanWullen98_392,
	author = "Christoph {van W{\"{u}}llen}",
	title = "Molecular Density Functional Calculations in the Regular Relativistic Approximation: Method, Application to Coinage Metal Diatomics, Hydrides, Fluorides and Chlorides, and Comparison with First-Order Relativistic Calculations",
	journal = JCP,
	volume = "109",
	year = "1998",
	pages = "392--399"
}
%ECP
@article{Weigend13_5341,
	author = "Michael K{\"{u}}n and Florian Weigend",
	title = "Implementation of Two-Component Time-Dependent Density Functional Theory in TURBOMOLE",
	journal = JCTC,
	volume = "9",
	year = "2013",
	pages = "5341--5348"
}
@article{Pitzer99_6880,
	author = "Zhiyong Zhang and Russell M. Pitzer",
	title = "Application of Relativistic Quantum Chemistry to the Electronic Energy Levels of the Uranyl Ion",
	journal = JPCA,
	volume = "103",
	year = "1999",
	pages = "6880--6886"
}


%Basis set
@article{Dunning98_6796,
	author = "R. A. Kendall and T. H. {Dunning Jr.} and R. J. Harrison",
	title = "Electron affinities of the first-row atoms revisited. Systematic basis sets and wave functions",
	journal = JCP,
	volume = "96",
	year = "1992",
	pages = "6796--6806"
}
@article{Davidson_1975,
	author = "Ernest R. Davidson",
	title = "The Iterative Calculation of a Few of the Lowest Eigenvalues and Corresponding Eigenvectors of Real-Symmetric Matrices",
	journal = "J. Comput. Phys.",
	volume = "17",
	year = "1975",
	pages = "87--94"
}
@article{Dyall97_207,
	author = "L. Visscher and K. G. Dyall",
	title = "Dirac-Fock Atomic Electronic Structure Calculations Using Different Nuclear Charge Distributions",
	journal = ADNDT,
	volume = "67",
	year = "1997",
	pages = "207--224"
}
@article{Saue98_920,
	author = "Harry M. Quiney and Jon K. Laerdahl and Knut {F{\ae}gri, Jr.} and Trond Saue",
	title = "Ab Initio {D}irac-{H}artree-{F}ock Calculations of Chemical Properties and {PT}-Odd Effects in Thallium Fluoride",
	journal = PRA,
	volume = "57",
	year = "1998",
	pages = "920--944"
}

@article{Dixon01_48,
	author = "W. A. {de Jong} and R. J. Harrison and D. A. Dixon",
	title = "Parallel {D}ouglas-{K}roll Energy and Gradients in {NWChem}: Estimating Scalar Relativistic Effects Using {D}ouglas-{K}roll Contracted Basis Sets",
	journal = JCP,
	volume = "114",
	year = "2001",
	pages = "48--53"
}
@article{Peterson05_064107,
	author = "Nikolai B. Balabanov and Kirk A. Peterson",
	title = "Systematically Convergent Basis Sets for Transition Metals. {I.} {A}ll-Electron Correlation Consistent Basis Sets for the 3d Elements {Sc-Zn}",
	journal = JCP,
	volume = "123",
	year = "2005",
	pages = "064107"
}
@article{Koga03_85,
	author = "Takeshi Noro and Masahiro Sekiya and Toshikatsu Koga",
	title = "Correlating Basis Sets for the {H} Atom and the Alkali-Metal Atoms from {Li} To {Rb}",
	journal = TCA,
	volume = "109",
	year = "2003",
	pages = "85--90"
}
@article{Koga12_1124,
	author = "Takeshi Noro and Masahiro Sekiya and Toshikatsu Koga",
	title = "Segmented Contracted Basis Sets for Atoms {H} through {Xe}: {Sapporo-(DK)-nZP} Sets (n = {D}, {T}, {Q})",
	journal = TCA,
	volume = "131",
	year = "2012",
	pages = "1124"
}
@article{Neese11_677,
	author = "Dimitrios A. Pantazis and Frank Neese",
	title = "All-electron scalar relativistic basis sets for the actinides",
	journal = JCTC,
	volume = "7",
	year = "2011",
	pages = "677--684"
}
@article{Preuss87_866,
	author = "M. Dolg and U. Wedig and H. Stoll and H. Preuss",
	title = "Energy-Adjusted ab initio Pseudopotentials for the First Row Transition Elements",
	journal = JCP,
	volume = "86",
	year = "1987",
	pages = "866--872"
}
%Other
@article{Wahlgren07_214302,
	author = "Florent R{\'{e}}al and Val{\'{e}}rie Vallet and Christel Marian and Ulf Wahlgren",
	title = "Theoretical Investigation of The Energies and Geometries of Photoexcited Uranyl{(VI)} Ion: A Comparison Between Wave-Function Theory and Density Functional Theory",
	journal = JCP,
	volume = "127",
	year = "2007",
	pages = "214302"
}

%%%%%%%%%%%%%%%%%%%%%%
%Four Component Papers
%%%%%%%%%%%%%%%%%%%%%%
@article{Shiozaki15_044112,
	author = "Jefferson E. Bates and Toru Shiozaki",
	title = "Fully Relativistic Complete Active Space Self-Consistent Field for Large Molecules: Quasi-Second-Order Minimax Optimization",
	journal = JCP,
	volume = "142",
	year = "2015",
	pages = "044112"
}
@article{Helgaker02_814,
	author = "Trond Saue and Trygve Helgaker",
	title = "Four-Component Relativistic Kohn-Sham Theory",
	journal = JCC,
	volume = "23",
	year = "2002",
	pages = "814--823"
}
@article{Liu04_6658,
	author = "Jun Gao and and Wenjian Liu and Bo Song and Chengbu Liu",
	title = "Time-Dependent Four-Component Relativistic Density Functional Theory for Excitation Energies",
	journal = JCP,
	volume = "121",
	year = "2004",
	pages = "6658--6666"
}


%%%%%%
%X-ray
%%%%%%
@article{Neese08_965,
	author = "Serena D. George and Taras Petrenko and Frank Neese",
	title = "Time-Dependent Density Functional Calculations of Ligand {K}-Edge {X}-Ray Absorption Spectra",
	journal = ICA,
	volume = "361",
	year = "2008",
	pages = "965--972"
}
@article{Jacob12_204106,
	author = "Stephan Bernadotte and Andrew J. Atkins and Christoph R. Jacob",
	title = "Origin-Independent Calculation of Quadrupole Intensities in {X}-Ray Spectroscopy",
	journal = JCP,
	volume = "137",
	year = "2012",
	pages = "204106"
}



%%%%%%%%%%%%%%%%%
%RELATIVISTIC DFT
%%%%%%%%%%%%%%%%%
@article{Rajagopal78_L943,
	author = "Attipat K. Rajagopal",
	title = "Inhomogeneous Relativistic Electron Gas",
	journal = JPCSSP,
	volume = "11",
	year = "1978",
	pages = "L943--L948"
}
@article{Rajagopal94_3759,
	author = "Attipat K. Rajagopal",
	title = "Time-Dependent Functional Theory of Coupled Electron and Electromagnetic Fields in Condensed-Matter System",
	journal = PRA,
	volume = "50",
	year = "1994",
	pages = "3759--3765"
}
@article{Vosko79_2977,
	author = "Allan H. MacDonald and Seymour H. Vosko",
	title = "A Relativistic Density Functional Formalism",
	journal = JPCSSP,
	volume = "12",
	year = "1979",
	pages = "2977--2990"
}
@article{Gyorffy01_206403,
	author = "K. Capelle and G. Vignale and B.L. Gy{\"{o}}rffy ",
	title = "Spin Currents and Spin Dynamics in Time-Dependent Density-Functional Theory",
	journal = PRL,
	volume = "87",
	year = "2001",
	pages = "206403"
}
@article{Scuseria13_035117,
	author = "Ireneusz W. Bulik and Giovanni Scalmani and Michael J. Frisch and Gustavo E. Scuseria",
	title = "Noncollinear Density Functional Theory Having Proper Invariance and Local Torque Properties",
	journal = PRB,
	volume = "87",
	year = "2013",
	pages = "035117"
}
@article{vanWullen02_779,
	author = "Christoph {van W{\"{u}}llen}",
	title = "Spin Densities in Two-Component Relativistic Density Functional Calculations: Noncollinear versus Collinear Approach",
	journal = JCC,
	volume = "23",
	year = "2002",
	pages = "779--785"
}
@article{Liu03_597,
	author = "Fan Wang and Wenjian Liu",
	title = "Comparison of Different Polarization Schemes in Open-shell Relativistic Density Functional Calculations",
	journal = "J. Chin. Chem. Soc.",
	volume = "50",
	year = "2003",
	pages = "597--606"
}
@article{Liu10_532,
	author = "Yong Zhang and Wenhua Xu and Qiming Sun and Wenli Zou and Wenjian Liu",
	title = "Excited States of OsO{$_4$}: A Comprehensive Time-Dependent Relativistic Density Functional Theory Study",
	journal = JCC,
	volume = "31",
	year = "2010",
	pages = "532--551"
}
@article{Liu09_219,
	author = "Wenhua Xu and Jianyi Ma and Daoling Peng and Wenli Zou and Wenjian Liu and Volker Staemmler",
	title = "Excited States of ReO{$_{4}^{-}$}: A Comprehensive Time-Dependent Relativistic Density Functional Theory Study",
	journal = CP,
	volume = "356",
	year = "2009",
	pages = "219--228"
}
@article{Liu09_1945,
	author = "Wenhua Xu and Yong Zhang and Wenjian Liu",
	title = "Time-dependent relativistic density functional study of Yb and YbO",
	journal = "Sci. China Ser. B Chem.",
	volume = "52",
	year = "2009",
	pages = "1945--1953"
}
@article{Liu13_3741,
	author = "Zhendong Li and Bingbing Suo and Yong Zhang and Yunlong Xiao and Wenjian Liu",
	title = "Combining Spin-Adapted Open-Shell {TD}-{DFT} with Spin–Orbit Coupling",
	journal = MP,
	volume = "111",
	year = "2013",
	pages = "3741--3755"
}
@article{Saue09_2091,
	author = "Radovan Bast and Hans J. Aa. Jensen and Trond Saue",
	title = "Relativistic Adiabatic Time-Dependent Density Functional Theory Using Hybrid Functionals and Noncollinear Spin Magnetization",
	journal = IJQC,
	volume = "109",
	year = "2009",
	pages = "2091--2112"
}

%%%%%%%%%%%%%%%%
%DFT FUNCTIONALS
%%%%%%%%%%%%%%%%
%LSDA
@article{Kohn64_B864,
	author = "Pierre Hohenberg and Walter Kohn",
	title = "Inhomogeneous Electron Gas",
	journal = PR,
	volume = "136",
	year = "1964",
	pages = "B864--B871"
}
%LSDA
@article{Nusair80_1200,
	author = "S. H. Vosko and L. Wilk and M. Nusair",
	title = "Accurate Spin-Dependent Electron Liquid Correlation Energies for Local Spin Density Calculations: a Critical Analysis",
	journal = "Can. J. Phys.",
	volume = "58",
	year = "1980",
	pages = "1200--1211"
}
%B3LYP (B)
@article{Becke93_5648,
	author = "Axel D. Becke",
	title = "Density-functional thermochemistry. {III}. The role of exact exchange",
	journal = JCP,
	volume = "98",
	year = "1993",
	pages = "5648--5652"
}
%BLYP (B)
@article{Becke88_3098,
	author = "Axel D. Becke",
	title = "Density-Functional Exchange-Energy Approximation with Correct Asymptotic Behavior",
	journal = PRA,
	volume = "38",
	year = "88",
	pages = "3098--3100"
}
%B3LYP (LYP)
@article{Parr88_785,
	author = "Chengteh Lee and Weitao Yang and Robert G. Parr",
	title = "Development of the {C}olle-{S}alvetti correlation-energy formula into a functional of the electron density",
	journal = PRB,
	volume = "37",
	year = "1988",
	pages = "785--789"
}
%BLYP
@article{Preuss89_200,
	author = "Burkhard Miehlich and Andreas Savin and Hermann Stoll and Heinzwerner Preuss",
	title = "Results Obtained with the Correlation Energy Density Functionals of Becke and Lee, Yang and Parr",
	journal = CPL,
	volume = "157",
	year = "1989",
	pages = "200--206"
}
%PBE
@article{Ernzerhof96_3865,
	author = "John P. Perdew and Kieron Burke and Matthias Ernzerhof",
	title = "Generalized Gradient Approximation Made Simple",
	journal = PRL,
	volume = "77",
	year = "1996",
	pages = "3865--3868"
}
%PBE0
@article{Barone99_6158,
	author = "Carlo Adamo and Vincenzo Barone",
	title = "Toward reliable density functional methods without adjustable parameters: The {PBE0} model",
	journal = JCP,
	volume = "110",
	year = "1999",
	pages = "6158--6169"
}
%TPSS
@article{Scuseria03_146401,
	author = "Jianmin Tao and John P. Perdew and Viktor N. Staroverov and Gustavo E. Scuseria",
	title = "Climbing the Density Functional Ladder: Nonempirical Meta–Generalized Gradient Approximation Designed for Molecules and Solids",
	journal = PRL,
	volume = "91",
	year = "2003",
	pages = "146401"
}
%M062X
@article{Truhlar08_215,
	author = "Y. Zhao and D. G. Truhlar",
	title = "The {M06} suite of density functionals for main group thermochemistry, thermochemical kinetics, noncovalent interactions, excited states, and transition elements: two new functionals and systematic testing of four {M06}-class functionals and 12 other functionals",
	journal = TCA,
	volume = "393",
	year = "2008",
	pages = "215--241"
}
%M06HF
@article{Truhlar06_5121,
	author = "Y. Zhao and D. G. Truhlar",
	title = "Comparative {DFT} Study of van der {W}aals Complexes:  Rare-Gas Dimers, Alkaline-Earth Dimers, Zinc Dimer, and Zinc-Rare-Gas Dimers",
	journal = JPCA,
	volume = "110",
	year = "2006",
	pages = "5121--5129"
}
@article{Truhlar06_13126,
	author = "Y. Zhao and D. G. Truhlar",
	title = "Density Functional for Spectroscopy:  No Long-Range Self-Interaction Error, Good Performance for Rydberg and Charge-Transfer States, and Better Performance on Average than {B3LYP} for Ground States",
	journal = JPCA,
	volume = "110",
	year = "2006",
	pages = "13126--13130"
}

%%%%%%
%TDDFT
%%%%%%
@article{Furche01_5982,
	author = "Filipp Furche",
	title = "On the density matrix based approach to time-dependent density functional response theory",
	journal = JCP,
	volume = "114",
	year = "2001",
	pages = "5982-5992"
}
@article{Bartlett99_10774,
	author = "So Hirata and Martin Head-Gordon and Rodney J. Bartlett",
	title = "Configuration interaction singles, time-dependent Hartree-Fock, and time-dependent density functional theory for the electronic excited states of extended systems",
	journal = JCP,
        volume = "111",
	year = "1999",
	pages = "10774--10786"
}
@incollection{Casida95_155,
	editor = "Delano P. Chong",
	author = "Mark E. Casida",
	title = "Time-Dependent Density Functional Response Theory for Molecules",
	booktitle = "Recent Advances in Density Functional Methods Part I",
	publisher = "World Scientific, Singapore",
	year = "1995",
	pages = "155--192"
}
@article{Yeager82_69,
	author = "Diane Lynch and Michael F. Herman and Danny L. Yeager",
	title = "Excited State Properties from the Equations of Motion Method. Application of the {MCTDHF}-{MCRPA} to the Dipole Moments and Oscillator Strengths of the {A$^1\Pi$}, {a'$^3\Pi$}, {a'$^3\Sigma^+$} and {d$^3\Delta$} Low-Lying Valence States of {CO}",
	journal = CP,
        volume = "64",
	year = "1982",
	pages = "69--81"
}
@article{Casida09_60,
	author = "Andrei Ipatov and Felipe Cordova and Lo{\"{\i}}c Joubert Doriol and Mark E. Casida",
	title = "Excited-State Spin-Contamination in Time-Dependent Density-Functional Theory for Molecules with Open-Shell Ground States",
	journal = JMST,
        volume = "914",
	year = "2009",
	pages = "60--73"
}
@article{Casida09_3,
	author = "Mark E. Casida",
	title = "Time-Dependent Density-Functional Theory for Molecules and Molecular Solids",
	journal = JMST,
        volume = "914",
	year = "2009",
	pages = "3--18"
}
@article{Dreuw05_4009,
	author = "Andreas Dreuw and Martin Head-Gordon",
	title = "Single-Reference Ab Initio Methods for the Calculation of Excited States of Large Molecules",
	journal = CR,
        volume = "105",
	year = "2005",
	pages = "4009--4037"
}
@article{Furche01_5982,
	author = "Filipp Furche",
	title = "On the Density Matrix Based Approach to Time-Dependent Density Functional Response Theory",
	journal = JCP,
        volume = "114",
	year = "2001",
	pages = "5982--5992"
}
@article{Simons71_1218,
	author = "Jack Simons",
	title = "Direct Calculation of First- and Second-Order Density Matrices. The Higher {RPA} Method",
	journal = JCP,
        volume = "55",
	year = "1971",
	pages = "1218--1230"
}


%%%%%%%%%%%%%%%%%%
%Numerical Methods
%%%%%%%%%%%%%%%%%%
@article{Raffenetti73_355,
	author = "Richard C. Raffenetti",
	title = "Pre-Processing of Two-Electron Integrals for Efficient Utilization in Many-Electron Self-Consistent Field Calculations",
	journal = CPL,
	volume = "20",
	year = "1973",
	pages = "355--338"
}

@article{Davidson_1975,
	author = "Ernest R. Davidson",
	title = "The Iterative Calculation of a Few of the Lowest Eigenvalues and Corresponding Eigenvectors of Real-Symmetric Matrices",
	journal = JCoP,
	volume = "17",
	year = "1975",
	pages = "87--94"
}


%%%%%%%%%%%%%%%%%%
%Experimental Data
%%%%%%%%%%%%%%%%%%
@article{Krupenie72_423,
	author = "Paul H. Krupenie",
	title = "The Spectrum of Molecular Oxygen",
	journal = "J. Phys. Chem. Ref. Data",
	volume = "1",
	year = "1972",
	pages = "423--534"
}
@misc{NIST_ASD,
    author = "A.~Kramida and Yu.~Ralchenko and J.~Reader and {NIST ASD Team}",
    howpublished = "{{NIST Atomic Spectra Database (ver. 5.2); National Institute of Standards and Technology (NIST): Gaithersburg, MD, 2014. Available via the Internet at: \tt{http://physics.nist.gov/asd}}, accessed July 26, 2016.}",
    year = "2014"
}

